@misc{hasani2020liquidtimeconstantnetworks,
  title         = {Liquid Time-constant Networks},
  author        = {Ramin Hasani and Mathias Lechner and Alexander Amini and Daniela Rus and Radu Grosu},
  year          = {2020},
  eprint        = {2006.04439},
  archiveprefix = {arXiv},
  primaryclass  = {cs.LG},
  url           = {https://arxiv.org/abs/2006.04439}
}

@book{Nielsen_Chuang_2010,
  place     = {Cambridge},
  title     = {Quantum Computation and Quantum Information: 10th Anniversary Edition},
  publisher = {Cambridge University Press},
  author    = {Nielsen, Michael A. and Chuang, Isaac L.},
  year      = {2010}
}

@book{Goodfellow-et-al-2016,
  title     = {Deep Learning},
  author    = {Ian Goodfellow and Yoshua Bengio and Aaron Courville},
  publisher = {MIT Press},
  note      = {\url{http://www.deeplearningbook.org}},
  year      = {2016}
}

@book{darwin1859origin,
  author    = {Darwin, Charles},
  title     = {On the Origin of Species by Means of Natural Selection, or the Preservation of Favoured Races in the Struggle for Life},
  year      = {1859},
  publisher = {John Murray},
  address   = {London},
  url       = {https://www.gutenberg.org/ebooks/1228}
}

@book{sutton2020reinforcement,
  title     = {Reinforcement Learning: An Introduction},
  author    = {Richard S. Sutton and Andrew G. Barto},
  year      = {2020},
  edition   = {Second},
  publisher = {The MIT Press},
  url       = {http://incompleteideas.net/book/the-book-2nd.html}
}

@book{cormen2022introduction,
  title     = {Introduction to Algorithms},
  author    = {Thomas H. Cormen and Charles E. Leiserson and Ronald L. Rivest and Clifford Stein},
  edition   = {4th},
  year      = {2022},
  publisher = {MIT Press},
  address   = {Cambridge, MA},
  isbn      = {978-0262046305}
}

@book{campbell2020biology,
  title     = {Biology: A Global Approach},
  author    = {Neil A. Campbell and Lisa A. Urry and Michael L. Cain and Steven A. Wasserman and Peter V. Minorsky and Rebecca B. Orr},
  edition   = {12th},
  year      = {2020},
  publisher = {Pearson},
  address   = {London},
  isbn      = {978-0134093413}
}
